@book{TanenbaumSteen06,
 author = {Tanenbaum, Andrew S. and Steen, Maarten van},
 title = {Distributed Systems: Principles and Paradigms (2nd Edition)},
 year = {2006},
 isbn = {0132392275},
 publisher = {Prentice-Hall, Inc.},
 address = {Upper Saddle River, NJ, USA},
}

@article{Lamport78,
 author = {Lamport, Leslie},
 title = {Time, Clocks, and the Ordering of Events in a Distributed System},
 journal = {Commun. ACM},
 issue_date = {July 1978},
 volume = {21},
 number = {7},
 month = jul,
 year = {1978},
 issn = {0001-0782},
 pages = {558--565},
 numpages = {8},
 url = {http://doi.acm.org/10.1145/359545.359563},
 doi = {10.1145/359545.359563},
 acmid = {359563},
 publisher = {ACM},
 address = {New York, NY, USA},
 keywords = {clock synchronization, computer networks, distributed systems, multiprocess systems},
} 

@inproceedings{SchenatoGamba07, 
  author={L. Schenato and G. Gamba}, 
  booktitle={2007 46th IEEE Conference on Decision and Control}, 
  title={A distributed consensus protocol for clock synchronization in wireless sensor network}, 
  year={2007}, 
  volume={}, 
  number={}, 
  pages={2289-2294}, 
  keywords={clocks;protocols;synchronisation;wireless sensor networks;Average TimeSync;clock skew;clock synchronization;distributed consensus protocol;wireless sensor network;Clocks;Delay effects;Scheduling;Spread spectrum communication;Synchronization;Time division multiple access;Tree graphs;USA Councils;Wireless application protocol;Wireless sensor networks}, 
  doi={10.1109/CDC.2007.4434671}, 
  ISSN={0191-2216}, 
  month={Dec},
}

@article{LucaFiorentin11,
  author={Schenato,Luca and Fiorentin,Federico},
  year={2011},
  title={Average TimeSynch: A consensus-based protocol for clock synchronization in wireless sensor networks},
  journal={Automatica},
  volume={47},
  number={9},
  pages={1878-1886},
  keywords={Networked systems; Consensus; Time synchronization; Drift compensation; Node failure; Computer network protocols; Algorithms; Sensors},
  isbn={0005-1098},
  language={English},
}

@article{Gusella89,
  author={R. Gusella and S. Zatti}, 
  journal={IEEE Transactions on Software Engineering}, 
  title={The accuracy of the clock synchronization achieved by TEMPO in Berkeley UNIX 4.3BSD}, 
  year={1989}, 
  volume={15}, 
  number={7}, 
  pages={847-853}, 
  keywords={Unix;fault tolerant computing;local area networks;synchronisation;Berkeley UNIX 4.3BSD;TEMPO;VAX computers;clock synchronization;distributed service;local area network;lower bounds;network transmission latency;upper bounds;Clocks;Computer networks;Computer science;Costs;Delay;Local area networks;Master-slave;Nominations and elections;Synchronization;Time measurement}, 
  doi={10.1109/32.29484}, 
  ISSN={0098-5589}, 
  month={Jul},
}